@article{halpern2005causes,
  title={Causes and explanations: A structural-model approach. Part II: Explanations},
  author={Halpern, Joseph Y and Pearl, Judea},
  journal={The British journal for the philosophy of science},
  volume={56},
  number={4},
  pages={889--911},
  year={2005},
  publisher={Oxford University Press}
}

@book{galton1987temporal,
  title={Temporal logics and their applications},
  author={Galton, Antony},
  volume={10},
  year={1987},
  publisher={Academic Press London}
}
@article{lind2019ethical,
  title={Moral Permissibility of Action Plans},
  author={Lindner, Felix and Matmuller, Robert and Nebel, Bernhard},
  year={2019},
  journal={Proceedings of the Thirty-Third AAAI Conference on Artificial Intelligence},
}