@article{halpern2005causes,
  title={Causes and explanations: A structural-model approach. Part II: Explanations},
  author={Halpern, Joseph Y and Pearl, Judea},
  journal={The British journal for the philosophy of science},
  volume={56},
  number={4},
  pages={889--911},
  year={2005},
  publisher={Oxford University Press}
}